@misc{tour_of_csharp,
    title={{Tour of C\#}},
    year={2022},
    howpublished={\url{https://docs.microsoft.com/en-us/dotnet/csharp/tour-of-csharp/}}
}

@misc{composition_interface_boilerplate,
    title={{Reducing boilerplate in class that implements interfaces through composition}},
    year={2015},
    howpublished={\url{https://softwareengineering.stackexchange.com/questions/288066/reducing-boilerplate-in-class-that-implements-interfaces-through-composition}}
}

@misc{microservices_code_generation,
    title={{Design Microservice Architectures the Right Way}},
    author={Michael Bryzek},
    year={2018},
    howpublished={\url{https://youtu.be/j6ow-UemzBc}}
}

@misc{protobuf,
    title={{Protocol Buffers}},
    year={2022},
    howpublished={\url{https://developers.google.com/protocol-buffers}}
}

@misc{message_pack_github,
    title={{MessagePack}},
    author={Yoshifumi Kawai et al},
    year={2022},
    howpublished={\url{https://github.com/neuecc/MessagePack-CSharp}}
}

@misc{command_terminal,
    title={{Command Terminal}},
    author={Lucar \@stillwater \& Curmanschii Anton},
    year={2022},
    howpublished={\url{https://github.com/AntonC9018/command_terminal}}
}

@misc{particular_project,
    title={{A Particular Project}},
    author={Țurcanu Cristian \& Curmanschii Anton},
    year={2022},
    howpublished={\url{https://github.com/PunkyIANG/a-particular-project}}
}

@misc{source_generators,
    title={{Source Generators}},
    year={2022},
    howpublished={\url{https://docs.microsoft.com/en-us/dotnet/csharp/roslyn-sdk/source-generators-overview}}
}

@misc{spectre_console_github,
    title={{Spectre Console}},
    year={2022},
    howpublished={\url{https://github.com/spectreconsole/spectre.console}}
}

@misc{zstring_github,
    title={{ZString}},
    author={Yoshifumi Kawai et al},
    year={2022},
    howpublished={\url{https://github.com/Cysharp/ZString}}
}

@misc{string_interpolation_csharp_10,
    title={{String Interpolation in C\# 10 and \. NET 6}},
    author={Stephen},
    year={2021},
    howpublished={\url{https://devblogs.microsoft.com/dotnet/string-interpolation-in-c-10-and-net-6/}}
}

@misc{converting_attributes_roslyn,
    title={{Converting AttributeData into a known attribute type Roslyn}},
    year={2021},
    howpublished={\url{https://stackoverflow.com/questions/67539903/converting-attributedata-into-a-known-attribute-type-roslyn}}
}

@misc{records_in_csharp,
    title={{Create record types}},
    year={2022},
    howpublished={\url{https://docs.microsoft.com/en-us/dotnet/csharp/whats-new/tutorials/records}}
}

@misc{source_generators_msbuild_configuration,
    title={{Distribuirea configurației pentru generatorii de sursă cu MSBuild}},
    year={2022},
    howpublished={\url{https://github.com/dotnet/roslyn/blob/main/docs/features/source-generators.cookbook.md#package-a-generator-as-a-nuget-package}}
}